<record><leader>00000cas a22000007a 4500</leader><controlfield tag="001">13169909</controlfield><controlfield tag="008">860219d19201923iduwr ne      0    0eng d</controlfield><datafield ind1=" " ind2=" " tag="010"><subfield code="a">sn 86091180 </subfield></datafield><datafield ind1=" " ind2=" " tag="040"><subfield code="a">UNP</subfield><subfield code="b">eng</subfield><subfield code="c">UNP</subfield><subfield code="d">NVB</subfield><subfield code="d">OCLCQ</subfield><subfield code="d">OCLCF</subfield><subfield code="d">OCLCO</subfield></datafield><datafield ind1="1" ind2=" " tag="029"><subfield code="a">AU@</subfield><subfield code="b">000025796962</subfield></datafield><datafield ind1=" " ind2=" " tag="042"><subfield code="a">msc</subfield></datafield><datafield ind1=" " ind2=" " tag="043"><subfield code="a">n-us-id</subfield></datafield><datafield ind1=" " ind2="4" tag="050"><subfield code="a">AN2.I2</subfield><subfield code="b">O634</subfield></datafield><datafield ind1="0" ind2="0" tag="245"><subfield code="a">Oneida County news.</subfield></datafield><datafield ind1=" " ind2=" " tag="260"><subfield code="a">Malad City, Idaho :</subfield><subfield code="b">Pelton &amp; Pelton</subfield></datafield><datafield ind1=" " ind2=" " tag="300"><subfield code="a">v. :</subfield><subfield code="b">ill.</subfield></datafield><datafield ind1=" " ind2=" " tag="310"><subfield code="a">Weekly</subfield></datafield><datafield ind1="1" ind2=" " tag="362"><subfield code="a">Began in Nov. 1920; ceased in 1923.</subfield></datafield><datafield ind1=" " ind2=" " tag="588"><subfield code="a">Description based on: Vol. 1, no. 13 (Jan. 27, 1921).</subfield></datafield><datafield ind1=" " ind2="0" tag="651"><subfield code="a">Malad City (Idaho)</subfield><subfield code="v">Newspapers.</subfield></datafield><datafield ind1=" " ind2="7" tag="655"><subfield code="a">Newspapers.</subfield><subfield code="2">fast</subfield><subfield code="0">(OCoLC)fst01423814</subfield></datafield><datafield ind1=" " ind2="7" tag="651"><subfield code="a">Idaho</subfield><subfield code="z">Malad City.</subfield><subfield code="2">fast</subfield><subfield code="0">(OCoLC)fst01291234</subfield></datafield><datafield ind1=" " ind2=" " tag="752"><subfield code="a">United States</subfield><subfield code="b">Idaho</subfield><subfield code="c">Oneida</subfield><subfield code="d">Malad City.</subfield></datafield><datafield ind1="0" ind2="7" tag="785"><subfield code="t">Idaho enterprise (Oxford, Idaho)</subfield><subfield code="w">(DLC)sn 82014644</subfield><subfield code="w">(OCoLC)8801260</subfield></datafield><datafield ind1="0" ind2="7" tag="785"><subfield code="t">Oneida County enterprise</subfield><subfield code="w">(DLC)sn 86091181</subfield><subfield code="w">(OCoLC)13169972</subfield></datafield></record>